<record xmlns="http://www.loc.gov/MARC21/slim" xmlns:xsi="http://www.w3.org/2001/XMLSchema-instance" xsi:schemaLocation="http://www.loc.gov/MARC21/slim http://www.loc.gov/standards/marcxml/schema/MARC21slim.xsd"><leader>     nam a22        4500</leader><controlfield tag="001">7070811</controlfield><controlfield tag="003">NIC</controlfield><controlfield tag="006">m        d        </controlfield><controlfield tag="007">cr cn |||m|||a</controlfield><controlfield tag="008">150316s1977    ir h    o     000 0 arard</controlfield><datafield ind1=" " ind2=" " tag="040"><subfield code="a">NNU</subfield><subfield code="b">eng</subfield><subfield code="c">NNU</subfield></datafield><datafield ind1="0" ind2="4" tag="050"><subfield code="a">BP166</subfield><subfield code="b">.B25 1977</subfield></datafield><datafield ind1="1" ind2=" " tag="100"><subfield code="a">Bah&#803;ra&#772;ni&#772;, Maytham ibn &#699;Ali&#772;,</subfield><subfield code="d">-1280?</subfield></datafield><datafield ind1="1" ind2="0" tag="245"><subfield code="a">Qawa&#772;&#699;id al-mara&#772;m fi&#772; &#699;ilm al-kala&#772;m</subfield><subfield code="h">[electronic resource] /</subfield><subfield code="c">tas&#803;ni&#772;f Kama&#772;l al-Di&#772;n Maytham ibn &#699;Ali&#772; ibn Maytham al-Bah&#803;ra&#772;ni&#772;.</subfield></datafield><datafield ind1=" " ind2=" " tag="250"><subfield code="a">al-T&#803;ab&#699;ah 1.</subfield></datafield><datafield ind1=" " ind2=" " tag="260"><subfield code="a">[Qum :</subfield><subfield code="b">Kita&#772;bkha&#772;nah-i &#699;Umu&#772;mi&#772;-i A&#772;yat Alla&#772;h al-&#699;Uz&#803;ma&#769; Mar&#699;ashi&#772; Najafi&#772;,</subfield><subfield code="c">1398 [1977 or 1978]</subfield></datafield><datafield ind1=" " ind2=" " tag="300"><subfield code="a">online resource (298 p.) :</subfield><subfield code="b">facsims.</subfield></datafield><datafield ind1="1" ind2=" " tag="490"><subfield code="a">Min makht&#803;u&#772;t&#803;a&#772;t Maktabat A&#772;yat Alla&#772;h al-Mar&#699;ashi&#772; al-&#699;A&#772;mmah ;</subfield><subfield code="v">3</subfield></datafield><datafield ind1=" " ind2=" " tag="500"><subfield code="a">Publisher stamped on t.p.</subfield></datafield><datafield ind1=" " ind2=" " tag="500"><subfield code="a">Part of the Arabic Collections Online (ACO) project, contributed by Cornell University Libraries.</subfield></datafield><datafield ind1=" " ind2=" " tag="533"><subfield code="a">Electronic reproduction.</subfield><subfield code="b">New York, N.Y. :</subfield><subfield code="c">New York University,</subfield><subfield code="d">2015.</subfield><subfield code="5">NNU</subfield></datafield><datafield ind1=" " ind2="0" tag="650"><subfield code="a">Islam</subfield><subfield code="x">Doctrines</subfield><subfield code="x">Early works to 1800.</subfield></datafield><datafield ind1=" " ind2="7" tag="650"><subfield code="a">Islam</subfield><subfield code="x">Doctrines.</subfield><subfield code="2">fast</subfield><subfield code="0">(OCoLC)fst00979787</subfield></datafield><datafield ind1=" " ind2="7" tag="655"><subfield code="a">Early works.</subfield><subfield code="2">fast</subfield><subfield code="0">(OCoLC)fst01411636</subfield></datafield><datafield ind1="2" ind2=" " tag="710"><subfield code="a">Kita&#772;bkha&#772;nah-i &#699;Umu&#772;mi&#772;-i A&#772;yat Alla&#772;h al-&#699;Uz&#803;ma&#769; Mar&#699;ashi&#772; Najafi&#772;, Qum.</subfield></datafield><datafield ind1="2" ind2=" " tag="710"><subfield code="a">Cornell University.</subfield><subfield code="b">Libraries.</subfield></datafield><datafield ind1="0" ind2=" " tag="730"><subfield code="a">Arabic Collections Online.</subfield></datafield><datafield ind1="0" ind2="8" tag="776"><subfield code="i">Print version:</subfield><subfield code="a">Bah&#803;ra&#772;ni&#772;, Maytham ibn &#699;Ali&#772;, -1280?</subfield><subfield code="t">Qawa&#772;&#699;id al-mara&#772;m fi&#772; &#699;ilm al-kala&#772;m</subfield><subfield code="w">(NIC)7070811</subfield><subfield code="w">(DLC)   85186770 </subfield><subfield code="w">(OCoLC)185066115</subfield></datafield><datafield ind1=" " ind2="0" tag="830"><subfield code="a">Min makht&#803;u&#772;t&#803;a&#772;t Maktabat A&#772;yat Alla&#772;h al-Mar&#699;ashi&#772; al-&#699;A&#772;mmah ;</subfield><subfield code="v">3.</subfield></datafield><datafield ind1="4" ind2="0" tag="856"><subfield code="u">http://hdl.handle.net/2333.1/bg79cr26</subfield></datafield><datafield ind1=" " ind2=" " tag="959"><subfield code="a">NNU</subfield><subfield code="b">WEB</subfield><subfield code="c">GENI</subfield><subfield code="t">0</subfield><subfield code="m">Electronic access</subfield><subfield code="s">01</subfield></datafield><datafield ind1=" " ind2=" " tag="999"><subfield code="i">NIC_7070811</subfield><subfield code="o">(OCoLC)ocn185066115</subfield><subfield code="s">cornell_aco000291</subfield><subfield code="e">(ERROR-880)</subfield></datafield></record>